
<record>
  <controlfield tag="001">579326</controlfield>
  <datafield tag="035" ind1=" " ind2=" ">
    <subfield code="z">D03-07942</subfield>
    <subfield code="9">DESY</subfield>
  </datafield>
  <datafield tag="035" ind1=" " ind2=" ">
    <subfield code="a">Akhmetshin:2001af</subfield>
    <subfield code="9">SPIRESTeX</subfield>
  </datafield>
  <datafield tag="037" ind1=" " ind2=" ">
    <subfield code="a">BUDKER-INP-2001-58</subfield>
  </datafield>
  <datafield tag="245" ind1=" " ind2=" ">
    <subfield code="a">Cross-section measurement of the process e+ e- --&gt; K0(L) K0(S) in cm energy range 2E = 1.05-GeV to 1.38-GeV with CMD-2</subfield>
  </datafield>
</record>