
<record>
  <controlfield tag="001">579332</controlfield>
  <datafield tag="035" ind1=" " ind2=" ">
    <subfield code="z">D03-05176</subfield>
    <subfield code="9">DESY</subfield>
  </datafield>
  <datafield tag="035" ind1=" " ind2=" ">
    <subfield code="a">Aulchenko:2001je</subfield>
    <subfield code="9">SPIRESTeX</subfield>
  </datafield>
  <datafield tag="037" ind1=" " ind2=" ">
    <subfield code="a">BUDKER-INP-2001-45</subfield>
  </datafield>
  <datafield tag="245" ind1=" " ind2=" ">
    <subfield code="a">CMD-2M Detector Project</subfield>
  </datafield>
</record>

</collection>